@FOOTNOTE{Note1,key="Note1",note="但又并非是强子气体（Hadron Resonance Gas）。"}
@FOOTNOTE{Note2,key="Note2",note="类似的“传承”还有SPS与LHC。"}
@FOOTNOTE{Note3,key="Note3",note="STAR刚刚运行（2000）不久的时候。"}
@FOOTNOTE{Note4,key="Note4",note="课程第四章内容"}
@FOOTNOTE{Note5,key="Note5",note="这里的离心率是一个广义的概念，而不是说中心重叠部分真的是一个椭圆"}
@FOOTNOTE{Note6,key="Note6",note="至少在非边缘碰撞事件为代表的大系统中"}
@FOOTNOTE{Note7,key="Note7",note="事实上眼下的集体流分析也需要前向探测器。"}
@CONTROL{REVTEX41Control}
@CONTROL{apsrev41Control,author="08",editor="1",pages="0",title="",year="1"}
